@BOOKLET{Madsen2010,
  author = {Lars Madsen},
  title = {Introduktion til {LaTeX}},
  year = {2010},
  howpublished = {\url{http://www.imf.au.dk/system/latex/bog/}}
 }
 
@MISC{Oetiker2010,
  author = {Tobias Oetiker},
  title = {The Not So Short A Introduction to {LaTeX2e}},
  year = {2010},
  howpublished = {\url{http://tobi.oetiker.ch/lshort/lshort.pdf}}
 }
 
@BOOK{Mittelbach2005,
  author = {Frank Mittelbach},
  edition = {2. ed.},
  publisher = {Addison-Wesley},
  title = {The LATEX companion},
  year = 2005
}

@book{scott2000programming,
 title={Programming Language Pragmatics},
 author={Scott, M.L.},
 isbn={9781558604421},
 lccn={99047125},
 series={Programming Language Pragmatics},
 url={https://books.google.dk/books?id=To3xpkvkPvMC},
 year={2000},
 publisher={Morgan Kaufmann}
}

@online {tutlisp,
    author  = "tutorialspoint",
    title   = "lisp",
    year    = "2019",
    month   = "01",
    url     = "https://www.tutorialspoint.com/lisp/",
    urldate = "2019-02-17",
}

@online {medlisp,
    author  = "Jacques Le Normand",
    title   = "The difficulties in learning object oriented programming",
    year    = "2019",
    month   = "01",
    url     = "https://medium.com/@jacqueslenormand/the-difficulties-in-learning-object-oriented-programming-96390e54a26d",
    urldate = "2019-02-17",
}

@online {audionocc,
    author  = "www.arduino.cc",
    title   = "What is Arduino?",
    url     = "https://www.arduino.cc/en/Guide/Introduction",
    urldate = "2019-02-17",
}
@article{chinese-home-automation,
    author = "Rita Yi Man Li and Herru Ching Yu Li and Cho Kei Mak and Tony Beiqi Tang",
    title = "Sustainable Smart Home and Home Automation:  Big Data Analytics Approach",
    year = "2016",
    pages = "177-188",
}
@online{home-auto-growth,
    author = "BusinessWire",
    title = "Strategy Analytics: Global Smart Home Market to Hit \$155 Billion by 2023",
    url = "https://www.businesswire.com/news/home/20180530006126/en/Strategy-Analytics-Global-Smart-Home-Market-Hit",
    urldate = "2019-02-17",
}
@online{iot-definition,
    author = "Oxford University Press",
    title = "Oxford English Dictionary: Internet of Things",
    url = "https://en.oxforddictionaries.com/definition/internet_of_things",
    urldate = "2019-02-17",
}
@online{apple-homekit,
    author = "Apple",
    title = "Home",
    url = "https://www.apple.com/lae/ios/home/",
    urldate = "2019-02-17"
}
@online{amazon-alexa,
    author = "Amazon",
    title = "Alexa Smart Home",
    url = "https://developer.amazon.com/alexa/connected-devices",
    urldate = "2019-02-17"
}
@online{google-assistant,
    author = "Google",
    title = "Assistant - Smart Home",
    url = "https://assistant.google.com/explore/c/19/?hl=en_us",
    urldate = "2019-02-17"
}
@online{arduino-history,
    author = "David Kushner",
    title = "The making of arduino",
    url = "https://spectrum.ieee.org/geek-life/hands-on/the-making-of-arduino",
    urldate = "2019-02-17"
}